<?xml version="1.0" encoding="UTF-8"?><collection xmlns="http://www.loc.gov/MARC21/slim"><record><leader>00449nam--2200169-i-4500</leader><controlfield tag="001">000032479</controlfield><controlfield tag="002">20161230</controlfield><controlfield tag="005">20170128201056</controlfield><controlfield tag="008">060222s1000------------r-----000-0-eng-d</controlfield><datafield ind1=" " ind2=" " tag="080"><subfield code="a">51-73:54</subfield></datafield><datafield ind1=" " ind2=" " tag="100"><subfield code="a">Margeanu, Henry</subfield></datafield><datafield ind1=" " ind2=" " tag="245"><subfield code="a">The mathematics of physics and chemistry</subfield></datafield><datafield ind1=" " ind2=" " tag="260"><subfield code="a">Princeton</subfield><subfield code="b">D.Van Nostrand Company, Inc</subfield><subfield code="c">1964</subfield></datafield><datafield ind1=" " ind2=" " tag="300"><subfield code="a">V + 786 p</subfield></datafield><datafield ind1=" " ind2=" " tag="700"><subfield code="a">Murphy, George Moseley</subfield></datafield><datafield ind1=" " ind2=" " tag="852"><subfield code="a">75780</subfield></datafield><datafield ind1=" " ind2=" " tag="CAT"><subfield code="a">SYS</subfield><subfield code="c">20170128</subfield><subfield code="h">201056</subfield></datafield></record></collection>